<?xml version="1.0" encoding="UTF-8"?><collection xmlns="http://www.loc.gov/MARC21/slim"><record><leader>00340nam--2200133-i-4500</leader><controlfield tag="001">000037794</controlfield><controlfield tag="002">20161230</controlfield><controlfield tag="005">20161230201041</controlfield><controlfield tag="008">060222s1000------------r-----000-0-eng-d</controlfield><datafield ind1=" " ind2=" " tag="080"><subfield code="a">669</subfield></datafield><datafield ind1=" " ind2=" " tag="100"><subfield code="a">Ramdohr, Paul</subfield></datafield><datafield ind1=" " ind2=" " tag="245"><subfield code="a">Maldonit. neue beobachtungen am buhl-eisen</subfield></datafield><datafield ind1=" " ind2=" " tag="260"><subfield code="a">Berlin, Akademie-verlag, 1953, 24p.+ 7 Fl.Pl</subfield></datafield><datafield ind1=" " ind2=" " tag="852"><subfield code="a">3828</subfield></datafield></record></collection>